%@comment{x-kbibtex-personnameformatting=<%l><, %f>}

@article{angB2Kstee,
author="R. Aaij and H. Hasi and C. Thomas and G. Wilkinson and P. Naik and C. Prouve and J. Rademacker and J. Libby and M. Nayak and T. Gershon and R.A. Briere",
title="Angular analysis of the ${B}^0 \rightarrow {K}^{*0}e^+e^-$ decay in the low-$q^2$ region",
journal="Journal of High Energy Physics",
year="2015",
volume="2015",
number="4",
doi="10.1007/JHEP04(2015)064",
url="http://dx.doi.org/10.1007/JHEP04(2015)064"
}

@article{Fplus,
title = "First determination of the ${C}\!{P}$ content of ${D}\rightarrow \pi^+ \pi^- \pi^+ \pi^-$ and updated determination of the ${C}\!{P}$ contents of ${D}\rightarrow \pi^+ \pi^- \pi^0$ and ${D}\rightarrow {K}^+ {K}^- \pi^0$ ",
journal = "Physics Letters B ",
volume = "747",
number = "",
year = "2015",
note = "",
issn = "0370-2693",
doi = "http://dx.doi.org/10.1016/j.physletb.2015.05.043",
url = "http://www.sciencedirect.com/science/article/pii/S0370269315003809",
author = "S. Malde and C. Thomas and G. Wilkinson and P. Naik and C. Prouve and J. Rademacker and J. Libby and M. Nayak and T. Gershon and R.A. Briere",
keywords = "Charm decay",
keywords = "Quantum correlations",
keywords = "CP violation "
}

@article{gammafromfplus,
title = "Measurement of ${C}\!{P}$ observables in ${B}^{\pm}\rightarrow {D}{K}^{\pm}$ and ${B}^{\pm}\rightarrow {D}\pi^{\pm}$ with two- and four-body ${D}$ decays ",
journal = "Physics Letters B ",
volume = "760",
number = "",
year = "2016",
note = "",
issn = "0370-2693",
doi = "http://dx.doi.org/10.1016/j.physletb.2016.06.022",
url = "http://www.sciencedirect.com/science/article/pii/S0370269316302751",
author = "R. Aaij and H. Hasi and C. Thomas and G. Wilkinson and P. Naik and C. Prouve and J. Rademacker and J. Libby and M. Nayak and T. Gershon and R.A. Briere" 
}


@misc{krueger,
	author = "Kr{\"u}ger, Frank and Matias, Joaquim",
	howpublished = "\href{http://arxiv.org/pdf/hep-ph/0502060v2.pdf}{arXiv:hep-ph/0502060}",
	month = feb,
	title = "{{P}robing New Physics Via the Transverse Amplitudes of ${B} \rightarrow {K}^{*0}(\rightarrow {K}^- \pi^+)l^+l^-$ at Large Recoil}",
	year = "2005"
}

@techreport{connor,
      author        = "Fitzpatrick, C and Gligorov, V V",
      title         = "{Anatomy of an upgrade event in the upgrade era, and
                       implications for the LHCb trigger}",
      institution   = "CERN",
      year = 2014,
      number        = "LHCb-PUB-2014-027. CERN-LHCb-PUB-2014-027",
      reportNumber  = "LHCb-PUB-2014-027",
      url           = "http://cds.cern.ch/record/1670985",
}

