<!DOCTYPE html PUBLIC "-//W3C//DTD XHTML 1.0 Transitional//EN" "http://www.w3.org/TR/xhtml1/DTD/xhtml1-transitional.dtd">
<html xmlns="http://www.w3.org/1999/xhtml" xml:lang="en" lang="en">
<head>
  <meta http-equiv="content-type" content="text/html;charset=UTF-8" />
  <meta http-equiv="generator" content="WebSVN 2.3.3" /> <!-- leave this for stats -->
  <link rel="shortcut icon" type="image/x-icon" href="/websvn/templates/calm/images/favicon.ico" />
  <link type="text/css" href="/websvn/templates/calm/styles.css" rel="stylesheet" media="screen" />
  <link rel='alternate' type='application/rss+xml' title='WebSVN RSS' href='/cern/wsvn/lhcbdocs/Templates/LHCb-latex-template/latest/latex/LHCb-TDR.bib?op=rss&amp;' />
  <!--[if gte IE 5.5000]>
  <script type="text/javascript" src="/websvn/templates/calm/png.js"></script>
  <style type="text/css" media="screen">
  tbody tr td { padding:1px 0 }
  #wrap h2 { padding:10px 5px 0 5px; margin-bottom:-8px }
  </style>
  <![endif]-->
  <title>
       WebSVN
          - lhcbdocs
               - Rev 86591
            - /Templates/LHCb-latex-template/latest/latex/LHCb-TDR.bib
  </title>
  <script type="text/javascript">
  //<![CDATA[
       function getPath()
       {
         return '/websvn';
       }
       
       function checkCB(chBox)
       {
          count = 0
          first = null
          f = chBox.form
          for (i = 0 ; i < f.elements.length ; i++)
          if (f.elements[i].type == 'checkbox' && f.elements[i].checked)
          {
             if (first == null && f.elements[i] != chBox)
                first = f.elements[i]
             count += 1
          }
          
          if (count > 2) 
          {
             first.checked = false
             count -= 1
          }
       }
  //]]>
  </script>
</head>
<body id="file">
<div id="container">
	<div id="select">
		<form method="get" action="" id="project"><input type="hidden" name="op" value="rep" /><select name="repname" onchange="javascript:this.form.submit();"><option value="lhcbdocs" selected="selected">lhcbdocs</option><option value="lhcbdocs" selected="selected">lhcbdocs</option></select><noscript><input type="submit" value="Go" /></noscript></form>
		<form method="get" action="" id="template"><select name="template" onchange="javascript:this.form.submit();"><option value="BlueGrey">BlueGrey</option><option value="calm" selected="selected">calm</option><option value="Elegant">Elegant</option></select><noscript><input type="submit" value="Go" /></noscript></form>
		<form method="get" action="" id="language"><select name="language" onchange="javascript:this.form.submit();"><option value="ca">Catal&agrave;-Valenci&agrave; - Catalan</option><option value="zh-CN">&#20013;&#25991; - Chinese (Simplified)</option><option value="zh-TW">&#20013;&#25991; - Chinese (Traditional)</option><option value="cs">&#268;esky - Czech</option><option value="da">Dansk - Danish</option><option value="nl">Nederlands - Dutch</option><option value="en" selected="selected">English - English</option><option value="fi">Suomi - Finnish</option><option value="fr">Fran&ccedil;ais - French</option><option value="de">Deutsch - German</option><option value="he-IL">&#1506;&#1489;&#1512;&#1497;&#1514; - Hebrew</option><option value="hin">&#2361;&#2367;&#2306;&#2342;&#2368; - Hindi</option><option value="hu">Magyar - Hungarian</option><option value="id">Bahasa Indonesia - Indonesian</option><option value="it">Italiano - Italian</option><option value="ja">&#26085;&#26412;&#35486; - Japanese</option><option value="ko">&#54620;&#44397;&#50612; - Korean</option><option value="mk">&#1052;&#1072;&#1082;&#1077;&#1076;&#1086;&#1085;&#1089;&#1082;&#1080; - Macedonian</option><option value="mr">&#2350;&#2352;&#2366;&#2336;&#2368; - Marathi</option><option value="no">Norsk - Norwegian</option><option value="pl">Polski - Polish</option><option value="pt">Portugu&ecirc;s - Portuguese</option><option value="pt-BR">Portugu&ecirc;s - Portuguese (Brazil)</option><option value="ru">&#1056;&#1091;&#1089;&#1089;&#1082;&#1080;&#1081; - Russian</option><option value="sk">Sloven&#269;ina - Slovak</option><option value="sl">Sloven&#353;&#269;ina - Slovenian</option><option value="es">Espa&ntilde;ol - Spanish</option><option value="sv">Svenska - Swedish</option><option value="tr">T&uuml;rk&ccedil;e - Turkish</option><option value="uk">&#1059;&#1082;&#1088;&#1072;&#1111;&#1085;&#1089;&#1100;&#1082;&#1072; - Ukrainian</option><option value="uz">O&euml;zbekcha - Uzbek</option></select><noscript><input type="submit" value="Go" /></noscript></form>
	</div>
	<h1><a href="/cern/wsvn/?" title="Subversion Repositories">Subversion Repositories</a>
		<span><a href="/cern/wsvn/lhcbdocs?">lhcbdocs</a></span>
	</h1>
  <h2 id="pathlinks"><a href="/cern/wsvn/lhcbdocs/?" class="root"><span>(root)</span></a>/<a href="/cern/wsvn/lhcbdocs/Templates/?#a2ecf9661edf2c7d534d867f9321282e5">Templates</a>/<a href="/cern/wsvn/lhcbdocs/Templates/LHCb-latex-template/?#ac64b04251468eb1589114b89e774f1cb">LHCb-latex-template</a>/<a href="/cern/wsvn/lhcbdocs/Templates/LHCb-latex-template/latest/?#a3075f63abe00ef84df5649749641a363">latest</a>/<a href="/cern/wsvn/lhcbdocs/Templates/LHCb-latex-template/latest/latex/?#aa6b6977180319fb6c42a109a5ce71d14">latex</a>/<span class="file">LHCb-TDR.bib</span> - Rev 86591</h2>
  <div id="revjump"><form method="get" action="" id="revision">Rev <input type="text" size="5" name="rev" placeholder="HEAD" /><span class="submit"><input type="submit" value="Go" /></span></form></div>
  <p>
    <span class="prev"><a href="/cern/wsvn/lhcbdocs/Templates/LHCb-latex-template/latest/latex/LHCb-TDR.bib?rev=64937">Rev 64937</a></span> &#124;
    <span class="blame"><a href="/cern/wsvn/lhcbdocs/Templates/LHCb-latex-template/latest/latex/LHCb-TDR.bib?op=blame&amp;rev=86591">Blame</a></span> &#124;
    <span class="diff"><a href="/cern/wsvn/lhcbdocs/Templates/LHCb-latex-template/latest/latex/LHCb-TDR.bib?op=diff&amp;rev=86591">Compare with Previous</a></span> &#124;
    <span class="changes"><a href="/cern/wsvn/lhcbdocs/Templates/LHCb-latex-template/latest/latex/LHCb-TDR.bib?op=revision&amp;rev=86591">Last modification</a></span> &#124;
    <span class="log"><a href="/cern/wsvn/lhcbdocs/Templates/LHCb-latex-template/latest/latex/LHCb-TDR.bib?op=log&amp;rev=86591">View Log</a></span>
    &#124; <span class="compress"><a href="/cern/wsvn/lhcbdocs/Templates/LHCb-latex-template/latest/latex/LHCb-TDR.bib?op=dl&amp;rev=86591">Download</a></span>
    &#124; <span class="feed"><a href="/cern/wsvn/lhcbdocs/Templates/LHCb-latex-template/latest/latex/LHCb-TDR.bib?op=rss&amp;">RSS feed</a></span>
  </p>
  <div class="listing">
<ol class="bibtex geshi" style="font-family:monospace;"><li style="font-weight: normal; vertical-align:top;"><div style="font: normal normal 1em/1.2em monospace; margin:0; padding:0; background:none; vertical-align:top;">@lhcbreport<span style="color: #E02020;">&#123;</span><span style="color: #2020C0;">LHCb-TDR-016,</span></div></li>
<li style="font-weight: normal; vertical-align:top;"><div style="font: normal normal 1em/1.2em monospace; margin:0; padding:0; background:none; vertical-align:top;"><span style="color: #2020C0;"> &nbsp; &nbsp; &nbsp;collaboration = &quot;LHCb collaboration&quot;,</span></div></li>
<li style="font-weight: normal; vertical-align:top;"><div style="font: normal normal 1em/1.2em monospace; margin:0; padding:0; background:none; vertical-align:top;"><span style="color: #2020C0;"> &nbsp; &nbsp; &nbsp;<span style="color: #C08020;">title</span> &nbsp; &nbsp; &nbsp; &nbsp; <span style="color: #E02020;">=</span> &quot;<span style="color: #E02020;">&#123;</span>LHCb Trigger and Online Technical Design Report<span style="color: #E02020;">&#125;</span>&quot;,</span></div></li>
<li style="font-weight: normal; vertical-align:top;"><div style="font: normal normal 1em/1.2em monospace; margin:0; padding:0; background:none; vertical-align:top;"><span style="color: #2020C0;"> &nbsp; &nbsp; &nbsp;<span style="color: #C08020;">institution</span> &nbsp; = &quot;CERN&quot;,</span></div></li>
<li style="font-weight: normal; vertical-align:top;"><div style="font: normal normal 1em/1.2em monospace; margin:0; padding:0; background:none; vertical-align:top;"><span style="color: #2020C0;"> &nbsp; &nbsp; &nbsp;<span style="color: #C08020;">address</span> &nbsp; &nbsp; &nbsp; = &quot;Geneva&quot;,</span></div></li>
<li style="font-weight: normal; vertical-align:top;"><div style="font: normal normal 1em/1.2em monospace; margin:0; padding:0; background:none; vertical-align:top;"><span style="color: #2020C0;"> &nbsp; &nbsp; &nbsp;<span style="color: #C08020;">number</span> &nbsp; &nbsp; &nbsp; &nbsp;<span style="color: #E02020;">=</span> &quot;<span style="color: #E02020;">&#123;</span>CERN-LHCC-2014-016<span style="color: #E02020;">&#125;</span>&quot;,</span></div></li>
<li style="font-weight: normal; vertical-align:top;"><div style="font: normal normal 1em/1.2em monospace; margin:0; padding:0; background:none; vertical-align:top;"><span style="color: #2020C0;"> &nbsp; &nbsp; &nbsp;<span style="color: #C08020;">note</span> &nbsp; &nbsp; &nbsp; &nbsp; &nbsp;= &quot;LHCb-TDR-016&quot;,</span></div></li>
<li style="font-weight: normal; vertical-align:top;"><div style="font: normal normal 1em/1.2em monospace; margin:0; padding:0; background:none; vertical-align:top;"><span style="color: #2020C0;"> &nbsp; &nbsp; &nbsp;<span style="color: #C08020;">year</span> &nbsp; &nbsp; &nbsp; &nbsp; &nbsp;= &quot;2014&quot;,</span></div></li>
<li style="font-weight: normal; vertical-align:top;"><div style="font: normal normal 1em/1.2em monospace; margin:0; padding:0; background:none; vertical-align:top;"><span style="color: #E02020;">&#125;</span></div></li>
<li style="font-weight: normal; vertical-align:top;"><div style="font: normal normal 1em/1.2em monospace; margin:0; padding:0; background:none; vertical-align:top;">&nbsp;</div></li>
<li style="font-weight: normal; vertical-align:top;"><div style="font: normal normal 1em/1.2em monospace; margin:0; padding:0; background:none; vertical-align:top;">@lhcbreport<span style="color: #E02020;">&#123;</span><span style="color: #2020C0;">LHCb-TDR-015,</span></div></li>
<li style="font-weight: normal; vertical-align:top;"><div style="font: normal normal 1em/1.2em monospace; margin:0; padding:0; background:none; vertical-align:top;"><span style="color: #2020C0;"> &nbsp; &nbsp; &nbsp;collaboration = &quot;LHCb collaboration&quot;,</span></div></li>
<li style="font-weight: normal; vertical-align:top;"><div style="font: normal normal 1em/1.2em monospace; margin:0; padding:0; background:none; vertical-align:top;"><span style="color: #2020C0;"> &nbsp; &nbsp; &nbsp;<span style="color: #C08020;">title</span> &nbsp; &nbsp; &nbsp; &nbsp; <span style="color: #E02020;">=</span> &quot;<span style="color: #E02020;">&#123;</span>LHCb Tracker Upgrade Technical Design Report<span style="color: #E02020;">&#125;</span>&quot;,</span></div></li>
<li style="font-weight: normal; vertical-align:top;"><div style="font: normal normal 1em/1.2em monospace; margin:0; padding:0; background:none; vertical-align:top;"><span style="color: #2020C0;"> &nbsp; &nbsp; &nbsp;<span style="color: #C08020;">institution</span> &nbsp; = &quot;CERN&quot;,</span></div></li>
<li style="font-weight: normal; vertical-align:top;"><div style="font: normal normal 1em/1.2em monospace; margin:0; padding:0; background:none; vertical-align:top;"><span style="color: #2020C0;"> &nbsp; &nbsp; &nbsp;<span style="color: #C08020;">address</span> &nbsp; &nbsp; &nbsp; = &quot;Geneva&quot;,</span></div></li>
<li style="font-weight: normal; vertical-align:top;"><div style="font: normal normal 1em/1.2em monospace; margin:0; padding:0; background:none; vertical-align:top;"><span style="color: #2020C0;"> &nbsp; &nbsp; &nbsp;<span style="color: #C08020;">number</span> &nbsp; &nbsp; &nbsp; &nbsp;<span style="color: #E02020;">=</span> &quot;<span style="color: #E02020;">&#123;</span>CERN-LHCC-2014-001<span style="color: #E02020;">&#125;</span>&quot;,</span></div></li>
<li style="font-weight: normal; vertical-align:top;"><div style="font: normal normal 1em/1.2em monospace; margin:0; padding:0; background:none; vertical-align:top;"><span style="color: #2020C0;"> &nbsp; &nbsp; &nbsp;<span style="color: #C08020;">note</span> &nbsp; &nbsp; &nbsp; &nbsp; &nbsp;= &quot;LHCb-TDR-015&quot;,</span></div></li>
<li style="font-weight: normal; vertical-align:top;"><div style="font: normal normal 1em/1.2em monospace; margin:0; padding:0; background:none; vertical-align:top;"><span style="color: #2020C0;"> &nbsp; &nbsp; &nbsp;<span style="color: #C08020;">year</span> &nbsp; &nbsp; &nbsp; &nbsp; &nbsp;= &quot;2014&quot;,</span></div></li>
<li style="font-weight: normal; vertical-align:top;"><div style="font: normal normal 1em/1.2em monospace; margin:0; padding:0; background:none; vertical-align:top;"><span style="color: #E02020;">&#125;</span></div></li>
<li style="font-weight: normal; vertical-align:top;"><div style="font: normal normal 1em/1.2em monospace; margin:0; padding:0; background:none; vertical-align:top;">&nbsp;</div></li>
<li style="font-weight: normal; vertical-align:top;"><div style="font: normal normal 1em/1.2em monospace; margin:0; padding:0; background:none; vertical-align:top;">@lhcbreport<span style="color: #E02020;">&#123;</span><span style="color: #2020C0;">LHCb-TDR-014,</span></div></li>
<li style="font-weight: normal; vertical-align:top;"><div style="font: normal normal 1em/1.2em monospace; margin:0; padding:0; background:none; vertical-align:top;"><span style="color: #2020C0;"> &nbsp; &nbsp; &nbsp;collaboration = &quot;LHCb collaboration&quot;,</span></div></li>
<li style="font-weight: normal; vertical-align:top;"><div style="font: normal normal 1em/1.2em monospace; margin:0; padding:0; background:none; vertical-align:top;"><span style="color: #2020C0;"> &nbsp; &nbsp; &nbsp;<span style="color: #C08020;">title</span> &nbsp; &nbsp; &nbsp; &nbsp; <span style="color: #E02020;">=</span> &quot;<span style="color: #E02020;">&#123;</span>LHCb PID Upgrade Technical Design Report<span style="color: #E02020;">&#125;</span>&quot;,</span></div></li>
<li style="font-weight: normal; vertical-align:top;"><div style="font: normal normal 1em/1.2em monospace; margin:0; padding:0; background:none; vertical-align:top;"><span style="color: #2020C0;"> &nbsp; &nbsp; &nbsp;<span style="color: #C08020;">institution</span> &nbsp; = &quot;CERN&quot;,</span></div></li>
<li style="font-weight: normal; vertical-align:top;"><div style="font: normal normal 1em/1.2em monospace; margin:0; padding:0; background:none; vertical-align:top;"><span style="color: #2020C0;"> &nbsp; &nbsp; &nbsp;<span style="color: #C08020;">address</span> &nbsp; &nbsp; &nbsp; = &quot;Geneva&quot;,</span></div></li>
<li style="font-weight: normal; vertical-align:top;"><div style="font: normal normal 1em/1.2em monospace; margin:0; padding:0; background:none; vertical-align:top;"><span style="color: #2020C0;"> &nbsp; &nbsp; &nbsp;<span style="color: #C08020;">number</span> &nbsp; &nbsp; &nbsp; &nbsp;<span style="color: #E02020;">=</span> &quot;<span style="color: #E02020;">&#123;</span>CERN-LHCC-2013-022<span style="color: #E02020;">&#125;</span>&quot;,</span></div></li>
<li style="font-weight: normal; vertical-align:top;"><div style="font: normal normal 1em/1.2em monospace; margin:0; padding:0; background:none; vertical-align:top;"><span style="color: #2020C0;"> &nbsp; &nbsp; &nbsp;<span style="color: #C08020;">note</span> &nbsp; &nbsp; &nbsp; &nbsp; &nbsp;= &quot;LHCb-TDR-014&quot;,</span></div></li>
<li style="font-weight: normal; vertical-align:top;"><div style="font: normal normal 1em/1.2em monospace; margin:0; padding:0; background:none; vertical-align:top;"><span style="color: #2020C0;"> &nbsp; &nbsp; &nbsp;<span style="color: #C08020;">year</span> &nbsp; &nbsp; &nbsp; &nbsp; &nbsp;= &quot;2013&quot;,</span></div></li>
<li style="font-weight: normal; vertical-align:top;"><div style="font: normal normal 1em/1.2em monospace; margin:0; padding:0; background:none; vertical-align:top;"><span style="color: #E02020;">&#125;</span></div></li>
<li style="font-weight: normal; vertical-align:top;"><div style="font: normal normal 1em/1.2em monospace; margin:0; padding:0; background:none; vertical-align:top;">&nbsp;</div></li>
<li style="font-weight: normal; vertical-align:top;"><div style="font: normal normal 1em/1.2em monospace; margin:0; padding:0; background:none; vertical-align:top;">@lhcbreport<span style="color: #E02020;">&#123;</span><span style="color: #2020C0;">LHCb-TDR-013,</span></div></li>
<li style="font-weight: normal; vertical-align:top;"><div style="font: normal normal 1em/1.2em monospace; margin:0; padding:0; background:none; vertical-align:top;"><span style="color: #2020C0;"> &nbsp; &nbsp; &nbsp;collaboration = &quot;LHCb collaboration&quot;,</span></div></li>
<li style="font-weight: normal; vertical-align:top;"><div style="font: normal normal 1em/1.2em monospace; margin:0; padding:0; background:none; vertical-align:top;"><span style="color: #2020C0;"> &nbsp; &nbsp; &nbsp;<span style="color: #C08020;">title</span> &nbsp; &nbsp; &nbsp; &nbsp; <span style="color: #E02020;">=</span> &quot;<span style="color: #E02020;">&#123;</span>LHCb VELO Upgrade Technical Design Report<span style="color: #E02020;">&#125;</span>&quot;,</span></div></li>
<li style="font-weight: normal; vertical-align:top;"><div style="font: normal normal 1em/1.2em monospace; margin:0; padding:0; background:none; vertical-align:top;"><span style="color: #2020C0;"> &nbsp; &nbsp; &nbsp;<span style="color: #C08020;">institution</span> &nbsp; = &quot;CERN&quot;,</span></div></li>
<li style="font-weight: normal; vertical-align:top;"><div style="font: normal normal 1em/1.2em monospace; margin:0; padding:0; background:none; vertical-align:top;"><span style="color: #2020C0;"> &nbsp; &nbsp; &nbsp;<span style="color: #C08020;">address</span> &nbsp; &nbsp; &nbsp; = &quot;Geneva&quot;,</span></div></li>
<li style="font-weight: normal; vertical-align:top;"><div style="font: normal normal 1em/1.2em monospace; margin:0; padding:0; background:none; vertical-align:top;"><span style="color: #2020C0;"> &nbsp; &nbsp; &nbsp;<span style="color: #C08020;">number</span> &nbsp; &nbsp; &nbsp; &nbsp;<span style="color: #E02020;">=</span> &quot;<span style="color: #E02020;">&#123;</span>CERN-LHCC-2013-021<span style="color: #E02020;">&#125;</span>&quot;,</span></div></li>
<li style="font-weight: normal; vertical-align:top;"><div style="font: normal normal 1em/1.2em monospace; margin:0; padding:0; background:none; vertical-align:top;"><span style="color: #2020C0;"> &nbsp; &nbsp; &nbsp;<span style="color: #C08020;">note</span> &nbsp; &nbsp; &nbsp; &nbsp; &nbsp;= &quot;LHCb-TDR-013&quot;,</span></div></li>
<li style="font-weight: normal; vertical-align:top;"><div style="font: normal normal 1em/1.2em monospace; margin:0; padding:0; background:none; vertical-align:top;"><span style="color: #2020C0;"> &nbsp; &nbsp; &nbsp;<span style="color: #C08020;">year</span> &nbsp; &nbsp; &nbsp; &nbsp; &nbsp;= &quot;2013&quot;,</span></div></li>
<li style="font-weight: normal; vertical-align:top;"><div style="font: normal normal 1em/1.2em monospace; margin:0; padding:0; background:none; vertical-align:top;"><span style="color: #E02020;">&#125;</span></div></li>
<li style="font-weight: normal; vertical-align:top;"><div style="font: normal normal 1em/1.2em monospace; margin:0; padding:0; background:none; vertical-align:top;">&nbsp;</div></li>
<li style="font-weight: normal; vertical-align:top;"><div style="font: normal normal 1em/1.2em monospace; margin:0; padding:0; background:none; vertical-align:top;">@lhcbreport<span style="color: #E02020;">&#123;</span><span style="color: #2020C0;">LHCb-TDR-012,</span></div></li>
<li style="font-weight: normal; vertical-align:top;"><div style="font: normal normal 1em/1.2em monospace; margin:0; padding:0; background:none; vertical-align:top;"><span style="color: #2020C0;"> &nbsp; &nbsp; &nbsp;collaboration = &quot;LHCb collaboration&quot;,</span></div></li>
<li style="font-weight: normal; vertical-align:top;"><div style="font: normal normal 1em/1.2em monospace; margin:0; padding:0; background:none; vertical-align:top;"><span style="color: #2020C0;"> &nbsp; &nbsp; &nbsp;<span style="color: #C08020;">title</span> &nbsp; &nbsp; &nbsp; &nbsp; <span style="color: #E02020;">=</span> &quot;<span style="color: #E02020;">&#123;</span>Framework TDR for the LHCb Upgrade: Technical Design</span></div></li>
<li style="font-weight: normal; vertical-align:top;"><div style="font: normal normal 1em/1.2em monospace; margin:0; padding:0; background:none; vertical-align:top;"><span style="color: #2020C0;"> &nbsp; &nbsp; &nbsp; &nbsp; &nbsp; &nbsp; &nbsp; &nbsp; &nbsp; &nbsp; &nbsp; Report<span style="color: #E02020;">&#125;</span>&quot;,</span></div></li>
<li style="font-weight: normal; vertical-align:top;"><div style="font: normal normal 1em/1.2em monospace; margin:0; padding:0; background:none; vertical-align:top;"><span style="color: #2020C0;"> &nbsp; &nbsp; &nbsp;<span style="color: #C08020;">institution</span> &nbsp; = &quot;CERN&quot;,</span></div></li>
<li style="font-weight: normal; vertical-align:top;"><div style="font: normal normal 1em/1.2em monospace; margin:0; padding:0; background:none; vertical-align:top;"><span style="color: #2020C0;"> &nbsp; &nbsp; &nbsp;<span style="color: #C08020;">address</span> &nbsp; &nbsp; &nbsp; = &quot;Geneva&quot;,</span></div></li>
<li style="font-weight: normal; vertical-align:top;"><div style="font: normal normal 1em/1.2em monospace; margin:0; padding:0; background:none; vertical-align:top;"><span style="color: #2020C0;"> &nbsp; &nbsp; &nbsp;<span style="color: #C08020;">number</span> &nbsp; &nbsp; &nbsp; &nbsp;<span style="color: #E02020;">=</span> &quot;<span style="color: #E02020;">&#123;</span>CERN-LHCC-2012-007<span style="color: #E02020;">&#125;</span>&quot;,</span></div></li>
<li style="font-weight: normal; vertical-align:top;"><div style="font: normal normal 1em/1.2em monospace; margin:0; padding:0; background:none; vertical-align:top;"><span style="color: #2020C0;"> &nbsp; &nbsp; &nbsp;<span style="color: #C08020;">note</span> &nbsp; &nbsp; &nbsp; &nbsp; &nbsp;= &quot;LHCb-TDR-012&quot;,</span></div></li>
<li style="font-weight: normal; vertical-align:top;"><div style="font: normal normal 1em/1.2em monospace; margin:0; padding:0; background:none; vertical-align:top;"><span style="color: #2020C0;"> &nbsp; &nbsp; &nbsp;<span style="color: #C08020;">year</span> &nbsp; &nbsp; &nbsp; &nbsp; &nbsp;= &quot;2012&quot;,</span></div></li>
<li style="font-weight: normal; vertical-align:top;"><div style="font: normal normal 1em/1.2em monospace; margin:0; padding:0; background:none; vertical-align:top;"><span style="color: #E02020;">&#125;</span></div></li>
<li style="font-weight: normal; vertical-align:top;"><div style="font: normal normal 1em/1.2em monospace; margin:0; padding:0; background:none; vertical-align:top;">&nbsp;</div></li>
<li style="font-weight: normal; vertical-align:top;"><div style="font: normal normal 1em/1.2em monospace; margin:0; padding:0; background:none; vertical-align:top;">@lhcbreport<span style="color: #E02020;">&#123;</span><span style="color: #2020C0;">LHCb-TDR-011,</span></div></li>
<li style="font-weight: normal; vertical-align:top;"><div style="font: normal normal 1em/1.2em monospace; margin:0; padding:0; background:none; vertical-align:top;"><span style="color: #2020C0;"> &nbsp; &nbsp; &nbsp;collaboration = &quot;LHCb collaboration&quot;,</span></div></li>
<li style="font-weight: normal; vertical-align:top;"><div style="font: normal normal 1em/1.2em monospace; margin:0; padding:0; background:none; vertical-align:top;"><span style="color: #2020C0;"> &nbsp; &nbsp; &nbsp;<span style="color: #C08020;">title</span> &nbsp; &nbsp; &nbsp; &nbsp; <span style="color: #E02020;">=</span> &quot;<span style="color: #E02020;">&#123;</span>LHCb computing: Technical Design Report<span style="color: #E02020;">&#125;</span>&quot;,</span></div></li>
<li style="font-weight: normal; vertical-align:top;"><div style="font: normal normal 1em/1.2em monospace; margin:0; padding:0; background:none; vertical-align:top;"><span style="color: #2020C0;"> &nbsp; &nbsp; &nbsp;<span style="color: #C08020;">institution</span> &nbsp; = &quot;CERN&quot;,</span></div></li>
<li style="font-weight: normal; vertical-align:top;"><div style="font: normal normal 1em/1.2em monospace; margin:0; padding:0; background:none; vertical-align:top;"><span style="color: #2020C0;"> &nbsp; &nbsp; &nbsp;<span style="color: #C08020;">address</span> &nbsp; &nbsp; &nbsp; = &quot;Geneva&quot;,</span></div></li>
<li style="font-weight: normal; vertical-align:top;"><div style="font: normal normal 1em/1.2em monospace; margin:0; padding:0; background:none; vertical-align:top;"><span style="color: #2020C0;"> &nbsp; &nbsp; &nbsp;<span style="color: #C08020;">number</span> &nbsp; &nbsp; &nbsp; &nbsp;<span style="color: #E02020;">=</span> &quot;<span style="color: #E02020;">&#123;</span>CERN-LHCC-2005-019<span style="color: #E02020;">&#125;</span>&quot;,</span></div></li>
<li style="font-weight: normal; vertical-align:top;"><div style="font: normal normal 1em/1.2em monospace; margin:0; padding:0; background:none; vertical-align:top;"><span style="color: #2020C0;"> &nbsp; &nbsp; &nbsp;<span style="color: #C08020;">note</span> &nbsp; &nbsp; &nbsp; &nbsp; &nbsp;= &quot;LHCb-TDR-011&quot;,</span></div></li>
<li style="font-weight: normal; vertical-align:top;"><div style="font: normal normal 1em/1.2em monospace; margin:0; padding:0; background:none; vertical-align:top;"><span style="color: #2020C0;"> &nbsp; &nbsp; &nbsp;<span style="color: #C08020;">year</span> &nbsp; &nbsp; &nbsp; &nbsp; &nbsp;= &quot;2005&quot;,</span></div></li>
<li style="font-weight: normal; vertical-align:top;"><div style="font: normal normal 1em/1.2em monospace; margin:0; padding:0; background:none; vertical-align:top;"><span style="color: #E02020;">&#125;</span></div></li>
<li style="font-weight: normal; vertical-align:top;"><div style="font: normal normal 1em/1.2em monospace; margin:0; padding:0; background:none; vertical-align:top;">&nbsp;</div></li>
<li style="font-weight: normal; vertical-align:top;"><div style="font: normal normal 1em/1.2em monospace; margin:0; padding:0; background:none; vertical-align:top;">@lhcbreport<span style="color: #E02020;">&#123;</span><span style="color: #2020C0;">LHCb-TDR-010,</span></div></li>
<li style="font-weight: normal; vertical-align:top;"><div style="font: normal normal 1em/1.2em monospace; margin:0; padding:0; background:none; vertical-align:top;"><span style="color: #2020C0;"> &nbsp; &nbsp; &nbsp;collaboration = &quot;LHCb collaboration&quot;,</span></div></li>
<li style="font-weight: normal; vertical-align:top;"><div style="font: normal normal 1em/1.2em monospace; margin:0; padding:0; background:none; vertical-align:top;"><span style="color: #2020C0;"> &nbsp; &nbsp; &nbsp;<span style="color: #C08020;">title</span> &nbsp; &nbsp; &nbsp; &nbsp; <span style="color: #E02020;">=</span> &quot;<span style="color: #E02020;">&#123;</span>LHCb trigger system: Technical Design Report<span style="color: #E02020;">&#125;</span>&quot;,</span></div></li>
<li style="font-weight: normal; vertical-align:top;"><div style="font: normal normal 1em/1.2em monospace; margin:0; padding:0; background:none; vertical-align:top;"><span style="color: #2020C0;"> &nbsp; &nbsp; &nbsp;<span style="color: #C08020;">institution</span> &nbsp; = &quot;CERN&quot;,</span></div></li>
<li style="font-weight: normal; vertical-align:top;"><div style="font: normal normal 1em/1.2em monospace; margin:0; padding:0; background:none; vertical-align:top;"><span style="color: #2020C0;"> &nbsp; &nbsp; &nbsp;<span style="color: #C08020;">address</span> &nbsp; &nbsp; &nbsp; = &quot;Geneva&quot;,</span></div></li>
<li style="font-weight: normal; vertical-align:top;"><div style="font: normal normal 1em/1.2em monospace; margin:0; padding:0; background:none; vertical-align:top;"><span style="color: #2020C0;"> &nbsp; &nbsp; &nbsp;<span style="color: #C08020;">number</span> &nbsp; &nbsp; &nbsp; &nbsp;<span style="color: #E02020;">=</span> &quot;<span style="color: #E02020;">&#123;</span>CERN-LHCC-2003-031<span style="color: #E02020;">&#125;</span>&quot;,</span></div></li>
<li style="font-weight: normal; vertical-align:top;"><div style="font: normal normal 1em/1.2em monospace; margin:0; padding:0; background:none; vertical-align:top;"><span style="color: #2020C0;"> &nbsp; &nbsp; &nbsp;<span style="color: #C08020;">note</span> &nbsp; &nbsp; &nbsp; &nbsp; &nbsp;= &quot;LHCb-TDR-010&quot;,</span></div></li>
<li style="font-weight: normal; vertical-align:top;"><div style="font: normal normal 1em/1.2em monospace; margin:0; padding:0; background:none; vertical-align:top;"><span style="color: #2020C0;"> &nbsp; &nbsp; &nbsp;<span style="color: #C08020;">year</span> &nbsp; &nbsp; &nbsp; &nbsp; &nbsp;= &quot;2003&quot;,</span></div></li>
<li style="font-weight: normal; vertical-align:top;"><div style="font: normal normal 1em/1.2em monospace; margin:0; padding:0; background:none; vertical-align:top;"><span style="color: #E02020;">&#125;</span></div></li>
<li style="font-weight: normal; vertical-align:top;"><div style="font: normal normal 1em/1.2em monospace; margin:0; padding:0; background:none; vertical-align:top;">&nbsp;</div></li>
<li style="font-weight: normal; vertical-align:top;"><div style="font: normal normal 1em/1.2em monospace; margin:0; padding:0; background:none; vertical-align:top;">@lhcbreport<span style="color: #E02020;">&#123;</span><span style="color: #2020C0;">LHCb-TDR-009,</span></div></li>
<li style="font-weight: normal; vertical-align:top;"><div style="font: normal normal 1em/1.2em monospace; margin:0; padding:0; background:none; vertical-align:top;"><span style="color: #2020C0;"> &nbsp; &nbsp; &nbsp;collaboration = &quot;LHCb collaboration&quot;,</span></div></li>
<li style="font-weight: normal; vertical-align:top;"><div style="font: normal normal 1em/1.2em monospace; margin:0; padding:0; background:none; vertical-align:top;"><span style="color: #2020C0;"> &nbsp; &nbsp; &nbsp;<span style="color: #C08020;">title</span> &nbsp; &nbsp; &nbsp; &nbsp; <span style="color: #E02020;">=</span> &quot;<span style="color: #E02020;">&#123;</span>LHCb reoptimized detector design and performance:</span></div></li>
<li style="font-weight: normal; vertical-align:top;"><div style="font: normal normal 1em/1.2em monospace; margin:0; padding:0; background:none; vertical-align:top;"><span style="color: #2020C0;"> &nbsp; &nbsp; &nbsp; &nbsp; &nbsp; &nbsp; &nbsp; &nbsp; &nbsp; &nbsp; &nbsp; Technical Design Report<span style="color: #E02020;">&#125;</span>&quot;,</span></div></li>
<li style="font-weight: normal; vertical-align:top;"><div style="font: normal normal 1em/1.2em monospace; margin:0; padding:0; background:none; vertical-align:top;"><span style="color: #2020C0;"> &nbsp; &nbsp; &nbsp;<span style="color: #C08020;">institution</span> &nbsp; = &quot;CERN&quot;,</span></div></li>
<li style="font-weight: normal; vertical-align:top;"><div style="font: normal normal 1em/1.2em monospace; margin:0; padding:0; background:none; vertical-align:top;"><span style="color: #2020C0;"> &nbsp; &nbsp; &nbsp;<span style="color: #C08020;">address</span> &nbsp; &nbsp; &nbsp; = &quot;Geneva&quot;,</span></div></li>
<li style="font-weight: normal; vertical-align:top;"><div style="font: normal normal 1em/1.2em monospace; margin:0; padding:0; background:none; vertical-align:top;"><span style="color: #2020C0;"> &nbsp; &nbsp; &nbsp;<span style="color: #C08020;">number</span> &nbsp; &nbsp; &nbsp; &nbsp;<span style="color: #E02020;">=</span> &quot;<span style="color: #E02020;">&#123;</span>CERN-LHCC-2003-030<span style="color: #E02020;">&#125;</span>&quot;,</span></div></li>
<li style="font-weight: normal; vertical-align:top;"><div style="font: normal normal 1em/1.2em monospace; margin:0; padding:0; background:none; vertical-align:top;"><span style="color: #2020C0;"> &nbsp; &nbsp; &nbsp;<span style="color: #C08020;">note</span> &nbsp; &nbsp; &nbsp; &nbsp; &nbsp;= &quot;LHCb-TDR-009&quot;,</span></div></li>
<li style="font-weight: normal; vertical-align:top;"><div style="font: normal normal 1em/1.2em monospace; margin:0; padding:0; background:none; vertical-align:top;"><span style="color: #2020C0;"> &nbsp; &nbsp; &nbsp;<span style="color: #C08020;">year</span> &nbsp; &nbsp; &nbsp; &nbsp; &nbsp;= &quot;2003&quot;,</span></div></li>
<li style="font-weight: normal; vertical-align:top;"><div style="font: normal normal 1em/1.2em monospace; margin:0; padding:0; background:none; vertical-align:top;"><span style="color: #E02020;">&#125;</span></div></li>
<li style="font-weight: normal; vertical-align:top;"><div style="font: normal normal 1em/1.2em monospace; margin:0; padding:0; background:none; vertical-align:top;">&nbsp;</div></li>
<li style="font-weight: normal; vertical-align:top;"><div style="font: normal normal 1em/1.2em monospace; margin:0; padding:0; background:none; vertical-align:top;">@lhcbreport<span style="color: #E02020;">&#123;</span><span style="color: #2020C0;">LHCb-TDR-008,</span></div></li>
<li style="font-weight: normal; vertical-align:top;"><div style="font: normal normal 1em/1.2em monospace; margin:0; padding:0; background:none; vertical-align:top;"><span style="color: #2020C0;"> &nbsp; &nbsp; &nbsp;collaboration = &quot;LHCb collaboration&quot;,</span></div></li>
<li style="font-weight: normal; vertical-align:top;"><div style="font: normal normal 1em/1.2em monospace; margin:0; padding:0; background:none; vertical-align:top;"><span style="color: #2020C0;"> &nbsp; &nbsp; &nbsp;<span style="color: #C08020;">title</span> &nbsp; &nbsp; &nbsp; &nbsp; <span style="color: #E02020;">=</span> &quot;<span style="color: #E02020;">&#123;</span>LHCb inner tracker: Technical Design Report<span style="color: #E02020;">&#125;</span>&quot;,</span></div></li>
<li style="font-weight: normal; vertical-align:top;"><div style="font: normal normal 1em/1.2em monospace; margin:0; padding:0; background:none; vertical-align:top;"><span style="color: #2020C0;"> &nbsp; &nbsp; &nbsp;<span style="color: #C08020;">institution</span> &nbsp; = &quot;CERN&quot;,</span></div></li>
<li style="font-weight: normal; vertical-align:top;"><div style="font: normal normal 1em/1.2em monospace; margin:0; padding:0; background:none; vertical-align:top;"><span style="color: #2020C0;"> &nbsp; &nbsp; &nbsp;<span style="color: #C08020;">address</span> &nbsp; &nbsp; &nbsp; = &quot;Geneva&quot;,</span></div></li>
<li style="font-weight: normal; vertical-align:top;"><div style="font: normal normal 1em/1.2em monospace; margin:0; padding:0; background:none; vertical-align:top;"><span style="color: #2020C0;"> &nbsp; &nbsp; &nbsp;<span style="color: #C08020;">number</span> &nbsp; &nbsp; &nbsp; &nbsp;<span style="color: #E02020;">=</span> &quot;<span style="color: #E02020;">&#123;</span>CERN-LHCC-2002-029<span style="color: #E02020;">&#125;</span>&quot;,</span></div></li>
<li style="font-weight: normal; vertical-align:top;"><div style="font: normal normal 1em/1.2em monospace; margin:0; padding:0; background:none; vertical-align:top;"><span style="color: #2020C0;"> &nbsp; &nbsp; &nbsp;<span style="color: #C08020;">note</span> &nbsp; &nbsp; &nbsp; &nbsp; &nbsp;= &quot;LHCb-TDR-008&quot;,</span></div></li>
<li style="font-weight: normal; vertical-align:top;"><div style="font: normal normal 1em/1.2em monospace; margin:0; padding:0; background:none; vertical-align:top;"><span style="color: #2020C0;"> &nbsp; &nbsp; &nbsp;<span style="color: #C08020;">year</span> &nbsp; &nbsp; &nbsp; &nbsp; &nbsp;= &quot;2002&quot;,</span></div></li>
<li style="font-weight: normal; vertical-align:top;"><div style="font: normal normal 1em/1.2em monospace; margin:0; padding:0; background:none; vertical-align:top;"><span style="color: #E02020;">&#125;</span></div></li>
<li style="font-weight: normal; vertical-align:top;"><div style="font: normal normal 1em/1.2em monospace; margin:0; padding:0; background:none; vertical-align:top;">&nbsp;</div></li>
<li style="font-weight: normal; vertical-align:top;"><div style="font: normal normal 1em/1.2em monospace; margin:0; padding:0; background:none; vertical-align:top;">@lhcbreport<span style="color: #E02020;">&#123;</span><span style="color: #2020C0;">LHCb-TDR-007,</span></div></li>
<li style="font-weight: normal; vertical-align:top;"><div style="font: normal normal 1em/1.2em monospace; margin:0; padding:0; background:none; vertical-align:top;"><span style="color: #2020C0;"> &nbsp; &nbsp; &nbsp;collaboration = &quot;LHCb collaboration&quot;,</span></div></li>
<li style="font-weight: normal; vertical-align:top;"><div style="font: normal normal 1em/1.2em monospace; margin:0; padding:0; background:none; vertical-align:top;"><span style="color: #2020C0;"> &nbsp; &nbsp; &nbsp;<span style="color: #C08020;">title</span> &nbsp; &nbsp; &nbsp; &nbsp; <span style="color: #E02020;">=</span> &quot;<span style="color: #E02020;">&#123;</span>LHCb online system, data acquisition and experiment</span></div></li>
<li style="font-weight: normal; vertical-align:top;"><div style="font: normal normal 1em/1.2em monospace; margin:0; padding:0; background:none; vertical-align:top;"><span style="color: #2020C0;"> &nbsp; &nbsp; &nbsp; &nbsp; &nbsp; &nbsp; &nbsp; &nbsp; &nbsp; &nbsp; &nbsp; control: Technical Design Report<span style="color: #E02020;">&#125;</span>&quot;,</span></div></li>
<li style="font-weight: normal; vertical-align:top;"><div style="font: normal normal 1em/1.2em monospace; margin:0; padding:0; background:none; vertical-align:top;"><span style="color: #2020C0;"> &nbsp; &nbsp; &nbsp;<span style="color: #C08020;">institution</span> &nbsp; = &quot;CERN&quot;,</span></div></li>
<li style="font-weight: normal; vertical-align:top;"><div style="font: normal normal 1em/1.2em monospace; margin:0; padding:0; background:none; vertical-align:top;"><span style="color: #2020C0;"> &nbsp; &nbsp; &nbsp;<span style="color: #C08020;">address</span> &nbsp; &nbsp; &nbsp; = &quot;Geneva&quot;,</span></div></li>
<li style="font-weight: normal; vertical-align:top;"><div style="font: normal normal 1em/1.2em monospace; margin:0; padding:0; background:none; vertical-align:top;"><span style="color: #2020C0;"> &nbsp; &nbsp; &nbsp;<span style="color: #C08020;">number</span> &nbsp; &nbsp; &nbsp; &nbsp;<span style="color: #E02020;">=</span> &quot;<span style="color: #E02020;">&#123;</span>CERN-LHCC-2001-040<span style="color: #E02020;">&#125;</span>&quot;,</span></div></li>
<li style="font-weight: normal; vertical-align:top;"><div style="font: normal normal 1em/1.2em monospace; margin:0; padding:0; background:none; vertical-align:top;"><span style="color: #2020C0;"> &nbsp; &nbsp; &nbsp;<span style="color: #C08020;">note</span> &nbsp; &nbsp; &nbsp; &nbsp; &nbsp;= &quot;LHCb-TDR-007&quot;,</span></div></li>
<li style="font-weight: normal; vertical-align:top;"><div style="font: normal normal 1em/1.2em monospace; margin:0; padding:0; background:none; vertical-align:top;"><span style="color: #2020C0;"> &nbsp; &nbsp; &nbsp;<span style="color: #C08020;">year</span> &nbsp; &nbsp; &nbsp; &nbsp; &nbsp;= &quot;2001&quot;,</span></div></li>
<li style="font-weight: normal; vertical-align:top;"><div style="font: normal normal 1em/1.2em monospace; margin:0; padding:0; background:none; vertical-align:top;"><span style="color: #E02020;">&#125;</span></div></li>
<li style="font-weight: normal; vertical-align:top;"><div style="font: normal normal 1em/1.2em monospace; margin:0; padding:0; background:none; vertical-align:top;">&nbsp;</div></li>
<li style="font-weight: normal; vertical-align:top;"><div style="font: normal normal 1em/1.2em monospace; margin:0; padding:0; background:none; vertical-align:top;">@lhcbreport<span style="color: #E02020;">&#123;</span><span style="color: #2020C0;">LHCb-TDR-006,</span></div></li>
<li style="font-weight: normal; vertical-align:top;"><div style="font: normal normal 1em/1.2em monospace; margin:0; padding:0; background:none; vertical-align:top;"><span style="color: #2020C0;"> &nbsp; &nbsp; &nbsp;collaboration = &quot;LHCb collaboration&quot;,</span></div></li>
<li style="font-weight: normal; vertical-align:top;"><div style="font: normal normal 1em/1.2em monospace; margin:0; padding:0; background:none; vertical-align:top;"><span style="color: #2020C0;"> &nbsp; &nbsp; &nbsp;<span style="color: #C08020;">title</span> &nbsp; &nbsp; &nbsp; &nbsp; <span style="color: #E02020;">=</span> &quot;<span style="color: #E02020;">&#123;</span>LHCb outer tracker: Technical Design Report<span style="color: #E02020;">&#125;</span>&quot;,</span></div></li>
<li style="font-weight: normal; vertical-align:top;"><div style="font: normal normal 1em/1.2em monospace; margin:0; padding:0; background:none; vertical-align:top;"><span style="color: #2020C0;"> &nbsp; &nbsp; &nbsp;<span style="color: #C08020;">institution</span> &nbsp; = &quot;CERN&quot;,</span></div></li>
<li style="font-weight: normal; vertical-align:top;"><div style="font: normal normal 1em/1.2em monospace; margin:0; padding:0; background:none; vertical-align:top;"><span style="color: #2020C0;"> &nbsp; &nbsp; &nbsp;<span style="color: #C08020;">address</span> &nbsp; &nbsp; &nbsp; = &quot;Geneva&quot;,</span></div></li>
<li style="font-weight: normal; vertical-align:top;"><div style="font: normal normal 1em/1.2em monospace; margin:0; padding:0; background:none; vertical-align:top;"><span style="color: #2020C0;"> &nbsp; &nbsp; &nbsp;<span style="color: #C08020;">number</span> &nbsp; &nbsp; &nbsp; &nbsp;<span style="color: #E02020;">=</span> &quot;<span style="color: #E02020;">&#123;</span>CERN-LHCC-2001-024<span style="color: #E02020;">&#125;</span>&quot;,</span></div></li>
<li style="font-weight: normal; vertical-align:top;"><div style="font: normal normal 1em/1.2em monospace; margin:0; padding:0; background:none; vertical-align:top;"><span style="color: #2020C0;"> &nbsp; &nbsp; &nbsp;<span style="color: #C08020;">note</span> &nbsp; &nbsp; &nbsp; &nbsp; &nbsp;= &quot;LHCb-TDR-006&quot;,</span></div></li>
<li style="font-weight: normal; vertical-align:top;"><div style="font: normal normal 1em/1.2em monospace; margin:0; padding:0; background:none; vertical-align:top;"><span style="color: #2020C0;"> &nbsp; &nbsp; &nbsp;<span style="color: #C08020;">year</span> &nbsp; &nbsp; &nbsp; &nbsp; &nbsp;= &quot;2001&quot;,</span></div></li>
<li style="font-weight: normal; vertical-align:top;"><div style="font: normal normal 1em/1.2em monospace; margin:0; padding:0; background:none; vertical-align:top;"><span style="color: #E02020;">&#125;</span></div></li>
<li style="font-weight: normal; vertical-align:top;"><div style="font: normal normal 1em/1.2em monospace; margin:0; padding:0; background:none; vertical-align:top;">&nbsp;</div></li>
<li style="font-weight: normal; vertical-align:top;"><div style="font: normal normal 1em/1.2em monospace; margin:0; padding:0; background:none; vertical-align:top;">@lhcbreport<span style="color: #E02020;">&#123;</span><span style="color: #2020C0;">LHCb-TDR-005,</span></div></li>
<li style="font-weight: normal; vertical-align:top;"><div style="font: normal normal 1em/1.2em monospace; margin:0; padding:0; background:none; vertical-align:top;"><span style="color: #2020C0;"> &nbsp; &nbsp; &nbsp;collaboration = &quot;LHCb collaboration&quot;,</span></div></li>
<li style="font-weight: normal; vertical-align:top;"><div style="font: normal normal 1em/1.2em monospace; margin:0; padding:0; background:none; vertical-align:top;"><span style="color: #2020C0;"> &nbsp; &nbsp; &nbsp;<span style="color: #C08020;">title</span> &nbsp; &nbsp; &nbsp; &nbsp; <span style="color: #E02020;">=</span> &quot;<span style="color: #E02020;">&#123;</span>LHCb VELO <span style="color: #E02020;">&#40;</span>VErtex LOcator<span style="color: #E02020;">&#41;</span>: Technical Design Report<span style="color: #E02020;">&#125;</span>&quot;,</span></div></li>
<li style="font-weight: normal; vertical-align:top;"><div style="font: normal normal 1em/1.2em monospace; margin:0; padding:0; background:none; vertical-align:top;"><span style="color: #2020C0;"> &nbsp; &nbsp; &nbsp;<span style="color: #C08020;">institution</span> &nbsp; = &quot;CERN&quot;,</span></div></li>
<li style="font-weight: normal; vertical-align:top;"><div style="font: normal normal 1em/1.2em monospace; margin:0; padding:0; background:none; vertical-align:top;"><span style="color: #2020C0;"> &nbsp; &nbsp; &nbsp;<span style="color: #C08020;">address</span> &nbsp; &nbsp; &nbsp; = &quot;Geneva&quot;,</span></div></li>
<li style="font-weight: normal; vertical-align:top;"><div style="font: normal normal 1em/1.2em monospace; margin:0; padding:0; background:none; vertical-align:top;"><span style="color: #2020C0;"> &nbsp; &nbsp; &nbsp;<span style="color: #C08020;">number</span> &nbsp; &nbsp; &nbsp; &nbsp;<span style="color: #E02020;">=</span> &quot;<span style="color: #E02020;">&#123;</span>CERN-LHCC-2001-011<span style="color: #E02020;">&#125;</span>&quot;,</span></div></li>
<li style="font-weight: normal; vertical-align:top;"><div style="font: normal normal 1em/1.2em monospace; margin:0; padding:0; background:none; vertical-align:top;"><span style="color: #2020C0;"> &nbsp; &nbsp; &nbsp;<span style="color: #C08020;">note</span> &nbsp; &nbsp; &nbsp; &nbsp; &nbsp;= &quot;LHCb-TDR-005&quot;,</span></div></li>
<li style="font-weight: normal; vertical-align:top;"><div style="font: normal normal 1em/1.2em monospace; margin:0; padding:0; background:none; vertical-align:top;"><span style="color: #2020C0;"> &nbsp; &nbsp; &nbsp;<span style="color: #C08020;">year</span> &nbsp; &nbsp; &nbsp; &nbsp; &nbsp;= &quot;2001&quot;,</span></div></li>
<li style="font-weight: normal; vertical-align:top;"><div style="font: normal normal 1em/1.2em monospace; margin:0; padding:0; background:none; vertical-align:top;"><span style="color: #E02020;">&#125;</span></div></li>
<li style="font-weight: normal; vertical-align:top;"><div style="font: normal normal 1em/1.2em monospace; margin:0; padding:0; background:none; vertical-align:top;">&nbsp;</div></li>
<li style="font-weight: normal; vertical-align:top;"><div style="font: normal normal 1em/1.2em monospace; margin:0; padding:0; background:none; vertical-align:top;">@lhcbreport<span style="color: #E02020;">&#123;</span><span style="color: #2020C0;">LHCb-TDR-004,</span></div></li>
<li style="font-weight: normal; vertical-align:top;"><div style="font: normal normal 1em/1.2em monospace; margin:0; padding:0; background:none; vertical-align:top;"><span style="color: #2020C0;"> &nbsp; &nbsp; &nbsp;collaboration = &quot;LHCb collaboration&quot;,</span></div></li>
<li style="font-weight: normal; vertical-align:top;"><div style="font: normal normal 1em/1.2em monospace; margin:0; padding:0; background:none; vertical-align:top;"><span style="color: #2020C0;"> &nbsp; &nbsp; &nbsp;<span style="color: #C08020;">title</span> &nbsp; &nbsp; &nbsp; &nbsp; <span style="color: #E02020;">=</span> &quot;<span style="color: #E02020;">&#123;</span>LHCb muon system: Technical Design Report<span style="color: #E02020;">&#125;</span>&quot;,</span></div></li>
<li style="font-weight: normal; vertical-align:top;"><div style="font: normal normal 1em/1.2em monospace; margin:0; padding:0; background:none; vertical-align:top;"><span style="color: #2020C0;"> &nbsp; &nbsp; &nbsp;<span style="color: #C08020;">institution</span> &nbsp; = &quot;CERN&quot;,</span></div></li>
<li style="font-weight: normal; vertical-align:top;"><div style="font: normal normal 1em/1.2em monospace; margin:0; padding:0; background:none; vertical-align:top;"><span style="color: #2020C0;"> &nbsp; &nbsp; &nbsp;<span style="color: #C08020;">address</span> &nbsp; &nbsp; &nbsp; = &quot;Geneva&quot;,</span></div></li>
<li style="font-weight: normal; vertical-align:top;"><div style="font: normal normal 1em/1.2em monospace; margin:0; padding:0; background:none; vertical-align:top;"><span style="color: #2020C0;"> &nbsp; &nbsp; &nbsp;<span style="color: #C08020;">number</span> &nbsp; &nbsp; &nbsp; &nbsp;<span style="color: #E02020;">=</span> &quot;<span style="color: #E02020;">&#123;</span>CERN-LHCC-2001-010<span style="color: #E02020;">&#125;</span>&quot;,</span></div></li>
<li style="font-weight: normal; vertical-align:top;"><div style="font: normal normal 1em/1.2em monospace; margin:0; padding:0; background:none; vertical-align:top;"><span style="color: #2020C0;"> &nbsp; &nbsp; &nbsp;<span style="color: #C08020;">note</span> &nbsp; &nbsp; &nbsp; &nbsp; &nbsp;= &quot;LHCb-TDR-004&quot;,</span></div></li>
<li style="font-weight: normal; vertical-align:top;"><div style="font: normal normal 1em/1.2em monospace; margin:0; padding:0; background:none; vertical-align:top;"><span style="color: #2020C0;"> &nbsp; &nbsp; &nbsp;<span style="color: #C08020;">year</span> &nbsp; &nbsp; &nbsp; &nbsp; &nbsp;= &quot;2001&quot;,</span></div></li>
<li style="font-weight: normal; vertical-align:top;"><div style="font: normal normal 1em/1.2em monospace; margin:0; padding:0; background:none; vertical-align:top;"><span style="color: #E02020;">&#125;</span></div></li>
<li style="font-weight: normal; vertical-align:top;"><div style="font: normal normal 1em/1.2em monospace; margin:0; padding:0; background:none; vertical-align:top;">&nbsp;</div></li>
<li style="font-weight: normal; vertical-align:top;"><div style="font: normal normal 1em/1.2em monospace; margin:0; padding:0; background:none; vertical-align:top;">@lhcbreport<span style="color: #E02020;">&#123;</span><span style="color: #2020C0;">LHCb-TDR-003,</span></div></li>
<li style="font-weight: normal; vertical-align:top;"><div style="font: normal normal 1em/1.2em monospace; margin:0; padding:0; background:none; vertical-align:top;"><span style="color: #2020C0;"> &nbsp; &nbsp; &nbsp;collaboration = &quot;LHCb collaboration&quot;,</span></div></li>
<li style="font-weight: normal; vertical-align:top;"><div style="font: normal normal 1em/1.2em monospace; margin:0; padding:0; background:none; vertical-align:top;"><span style="color: #2020C0;"> &nbsp; &nbsp; &nbsp;<span style="color: #C08020;">title</span> &nbsp; &nbsp; &nbsp; &nbsp; <span style="color: #E02020;">=</span> &quot;<span style="color: #E02020;">&#123;</span>LHCb RICH: Technical Design Report<span style="color: #E02020;">&#125;</span>&quot;,</span></div></li>
<li style="font-weight: normal; vertical-align:top;"><div style="font: normal normal 1em/1.2em monospace; margin:0; padding:0; background:none; vertical-align:top;"><span style="color: #2020C0;"> &nbsp; &nbsp; &nbsp;<span style="color: #C08020;">institution</span> &nbsp; = &quot;CERN&quot;,</span></div></li>
<li style="font-weight: normal; vertical-align:top;"><div style="font: normal normal 1em/1.2em monospace; margin:0; padding:0; background:none; vertical-align:top;"><span style="color: #2020C0;"> &nbsp; &nbsp; &nbsp;<span style="color: #C08020;">address</span> &nbsp; &nbsp; &nbsp; = &quot;Geneva&quot;,</span></div></li>
<li style="font-weight: normal; vertical-align:top;"><div style="font: normal normal 1em/1.2em monospace; margin:0; padding:0; background:none; vertical-align:top;"><span style="color: #2020C0;"> &nbsp; &nbsp; &nbsp;<span style="color: #C08020;">number</span> &nbsp; &nbsp; &nbsp; &nbsp;<span style="color: #E02020;">=</span> &quot;<span style="color: #E02020;">&#123;</span>CERN-LHCC-2000-037<span style="color: #E02020;">&#125;</span>&quot;,</span></div></li>
<li style="font-weight: normal; vertical-align:top;"><div style="font: normal normal 1em/1.2em monospace; margin:0; padding:0; background:none; vertical-align:top;"><span style="color: #2020C0;"> &nbsp; &nbsp; &nbsp;<span style="color: #C08020;">note</span> &nbsp; &nbsp; &nbsp; &nbsp; &nbsp;= &quot;LHCb-TDR-003&quot;,</span></div></li>
<li style="font-weight: normal; vertical-align:top;"><div style="font: normal normal 1em/1.2em monospace; margin:0; padding:0; background:none; vertical-align:top;"><span style="color: #2020C0;"> &nbsp; &nbsp; &nbsp;<span style="color: #C08020;">year</span> &nbsp; &nbsp; &nbsp; &nbsp; &nbsp;= &quot;2000&quot;,</span></div></li>
<li style="font-weight: normal; vertical-align:top;"><div style="font: normal normal 1em/1.2em monospace; margin:0; padding:0; background:none; vertical-align:top;"><span style="color: #E02020;">&#125;</span></div></li>
<li style="font-weight: normal; vertical-align:top;"><div style="font: normal normal 1em/1.2em monospace; margin:0; padding:0; background:none; vertical-align:top;">&nbsp;</div></li>
<li style="font-weight: normal; vertical-align:top;"><div style="font: normal normal 1em/1.2em monospace; margin:0; padding:0; background:none; vertical-align:top;">@lhcbreport<span style="color: #E02020;">&#123;</span><span style="color: #2020C0;">LHCb-TDR-002,</span></div></li>
<li style="font-weight: normal; vertical-align:top;"><div style="font: normal normal 1em/1.2em monospace; margin:0; padding:0; background:none; vertical-align:top;"><span style="color: #2020C0;"> &nbsp; &nbsp; &nbsp;collaboration = &quot;LHCb collaboration&quot;,</span></div></li>
<li style="font-weight: normal; vertical-align:top;"><div style="font: normal normal 1em/1.2em monospace; margin:0; padding:0; background:none; vertical-align:top;"><span style="color: #2020C0;"> &nbsp; &nbsp; &nbsp;<span style="color: #C08020;">title</span> &nbsp; &nbsp; &nbsp; &nbsp; <span style="color: #E02020;">=</span> &quot;<span style="color: #E02020;">&#123;</span>LHCb calorimeters: Technical Design Report<span style="color: #E02020;">&#125;</span>&quot;,</span></div></li>
<li style="font-weight: normal; vertical-align:top;"><div style="font: normal normal 1em/1.2em monospace; margin:0; padding:0; background:none; vertical-align:top;"><span style="color: #2020C0;"> &nbsp; &nbsp; &nbsp;<span style="color: #C08020;">institution</span> &nbsp; = &quot;CERN&quot;,</span></div></li>
<li style="font-weight: normal; vertical-align:top;"><div style="font: normal normal 1em/1.2em monospace; margin:0; padding:0; background:none; vertical-align:top;"><span style="color: #2020C0;"> &nbsp; &nbsp; &nbsp;<span style="color: #C08020;">address</span> &nbsp; &nbsp; &nbsp; = &quot;Geneva&quot;,</span></div></li>
<li style="font-weight: normal; vertical-align:top;"><div style="font: normal normal 1em/1.2em monospace; margin:0; padding:0; background:none; vertical-align:top;"><span style="color: #2020C0;"> &nbsp; &nbsp; &nbsp;<span style="color: #C08020;">number</span> &nbsp; &nbsp; &nbsp; &nbsp;<span style="color: #E02020;">=</span> &quot;<span style="color: #E02020;">&#123;</span>CERN-LHCC-2000-036<span style="color: #E02020;">&#125;</span>&quot;,</span></div></li>
<li style="font-weight: normal; vertical-align:top;"><div style="font: normal normal 1em/1.2em monospace; margin:0; padding:0; background:none; vertical-align:top;"><span style="color: #2020C0;"> &nbsp; &nbsp; &nbsp;<span style="color: #C08020;">note</span> &nbsp; &nbsp; &nbsp; &nbsp; &nbsp;= &quot;LHCb-TDR-002&quot;,</span></div></li>
<li style="font-weight: normal; vertical-align:top;"><div style="font: normal normal 1em/1.2em monospace; margin:0; padding:0; background:none; vertical-align:top;"><span style="color: #2020C0;"> &nbsp; &nbsp; &nbsp;<span style="color: #C08020;">year</span> &nbsp; &nbsp; &nbsp; &nbsp; &nbsp;= &quot;2000&quot;,</span></div></li>
<li style="font-weight: normal; vertical-align:top;"><div style="font: normal normal 1em/1.2em monospace; margin:0; padding:0; background:none; vertical-align:top;"><span style="color: #E02020;">&#125;</span></div></li>
<li style="font-weight: normal; vertical-align:top;"><div style="font: normal normal 1em/1.2em monospace; margin:0; padding:0; background:none; vertical-align:top;">&nbsp;</div></li>
<li style="font-weight: normal; vertical-align:top;"><div style="font: normal normal 1em/1.2em monospace; margin:0; padding:0; background:none; vertical-align:top;">@lhcbreport<span style="color: #E02020;">&#123;</span><span style="color: #2020C0;">LHCb-TDR-001,</span></div></li>
<li style="font-weight: normal; vertical-align:top;"><div style="font: normal normal 1em/1.2em monospace; margin:0; padding:0; background:none; vertical-align:top;"><span style="color: #2020C0;"> &nbsp; &nbsp; &nbsp;collaboration = &quot;LHCb collaboration&quot;,</span></div></li>
<li style="font-weight: normal; vertical-align:top;"><div style="font: normal normal 1em/1.2em monospace; margin:0; padding:0; background:none; vertical-align:top;"><span style="color: #2020C0;"> &nbsp; &nbsp; &nbsp;<span style="color: #C08020;">title</span> &nbsp; &nbsp; &nbsp; &nbsp; <span style="color: #E02020;">=</span> &quot;<span style="color: #E02020;">&#123;</span>LHCb magnet: Technical Design Report<span style="color: #E02020;">&#125;</span>&quot;,</span></div></li>
<li style="font-weight: normal; vertical-align:top;"><div style="font: normal normal 1em/1.2em monospace; margin:0; padding:0; background:none; vertical-align:top;"><span style="color: #2020C0;"> &nbsp; &nbsp; &nbsp;<span style="color: #C08020;">institution</span> &nbsp; = &quot;CERN&quot;,</span></div></li>
<li style="font-weight: normal; vertical-align:top;"><div style="font: normal normal 1em/1.2em monospace; margin:0; padding:0; background:none; vertical-align:top;"><span style="color: #2020C0;"> &nbsp; &nbsp; &nbsp;<span style="color: #C08020;">address</span> &nbsp; &nbsp; &nbsp; = &quot;Geneva&quot;,</span></div></li>
<li style="font-weight: normal; vertical-align:top;"><div style="font: normal normal 1em/1.2em monospace; margin:0; padding:0; background:none; vertical-align:top;"><span style="color: #2020C0;"> &nbsp; &nbsp; &nbsp;<span style="color: #C08020;">number</span> &nbsp; &nbsp; &nbsp; &nbsp;<span style="color: #E02020;">=</span> &quot;<span style="color: #E02020;">&#123;</span>CERN-LHCC-2000-007<span style="color: #E02020;">&#125;</span>&quot;,</span></div></li>
<li style="font-weight: normal; vertical-align:top;"><div style="font: normal normal 1em/1.2em monospace; margin:0; padding:0; background:none; vertical-align:top;"><span style="color: #2020C0;"> &nbsp; &nbsp; &nbsp;<span style="color: #C08020;">note</span> &nbsp; &nbsp; &nbsp; &nbsp; &nbsp;= &quot;LHCb-TDR-001&quot;,</span></div></li>
<li style="font-weight: normal; vertical-align:top;"><div style="font: normal normal 1em/1.2em monospace; margin:0; padding:0; background:none; vertical-align:top;"><span style="color: #2020C0;"> &nbsp; &nbsp; &nbsp;<span style="color: #C08020;">year</span> &nbsp; &nbsp; &nbsp; &nbsp; &nbsp;= &quot;2000&quot;,</span></div></li>
<li style="font-weight: normal; vertical-align:top;"><div style="font: normal normal 1em/1.2em monospace; margin:0; padding:0; background:none; vertical-align:top;"><span style="color: #E02020;">&#125;</span></div></li>
<li style="font-weight: normal; vertical-align:top;"><div style="font: normal normal 1em/1.2em monospace; margin:0; padding:0; background:none; vertical-align:top;">&nbsp;</div></li>
<li style="font-weight: normal; vertical-align:top;"><div style="font: normal normal 1em/1.2em monospace; margin:0; padding:0; background:none; vertical-align:top;">&nbsp;</div></li>
</ol>  </div>
</div>
<div id="footer">
  <p style="padding:0; margin:0"><small>Powered by <a href="http://www.websvn.info/">WebSVN</a> 2.3.3 and <a href="http://subversion.tigris.org">Subversion</a> 1.7.14 &nbsp; &nbsp; &#x2713; <a href="http://validator.w3.org/check?uri=https://svnweb.cern.ch/cern/wsvn.php?template=%26language=en">XHTML</a> &amp; <a href="http://jigsaw.w3.org/css-validator/validator?uri=https://svnweb.cern.ch/cern/wsvn.php?template=%26language=en">CSS</a></small></p>
</div>
</body>
</html>
